@article{DiscretizationConfocalQuadricsI,
  title = {On a Discretization of Confocal Quadrics. {{II}}. {{A}} Geometric Approach to General Parametrizations},
  author = {Bobenko, Alexander I. and Schief, Wolfgang K. and Suris, Yuri B. and Techter, Jan},
  date = {2020-12-17},
  journaltitle = {International Mathematics Research Notices},
  volume = {2020},
  number = {24},
  eprint = {1708.06800},
  eprinttype = {arxiv},
  eprintclass = {math},
  pages = {10180--10230},
  issn = {1073-7928, 1687-0247},
  doi = {10.1093/imrn/rny279},
  url = {http://arxiv.org/abs/1708.06800},
  urldate = {2022-05-27},
  langid = {english},
  keywords = {Mathematics - Differential Geometry,Mathematics - Metric Geometry},
}
